%% Saved with string encoding Unicode (UTF-8) 
@article{p4,
 author = {Bosshart, Pat and Daly, Dan and Gibb, Glen and Izzard, Martin and McKeown, Nick and Rexford, 
Jennifer and Schlesinger, Cole and Talayco, Dan and Vahdat, Amin and Varghese, George and Walker, David},
 title = {P4: Programming Protocol-independent Packet Processors},
 journal = {SIGCOMM Comput. Commun. Rev.},
 issue_date = {July 2014},
 volume = {44},
 number = {3},
 month = jul,
 year = {2014},
 issn = {0146-4833},
 pages = {87--95},
 numpages = {9},
 url = {http://doi.acm.org/10.1145/2656877.2656890},
 doi = {10.1145/2656877.2656890},
 acmid = {2656890},
 publisher = {ACM},
 address = {New York, NY, USA},
 keywords = {p4, protocol-independent, reconfigurability, sdn},
}

@misc{p4web,
 author = {{P4 Language Consortium}},
 title = {P4},
 url = {{http://p4.org/}},
}

@misc{NetCOPEWeb,
    author = {{Liberouter}},
    title = {NetCOPE},
    url = {{https://www.liberouter.org/technologies/netcope/}},
}

@misc{XilinxSDNet,
    author = {{Xilinx}},
    title = "Software Defined Specification Environment for Networking (SDNet)",
    day = 30,
    month = "May",
    year = "2014",
    URL = "http://www.xilinx.com/support/documentation/backgrounders/sdnet-backgrounder.pdf",
    online = "yes"
}

@misc{XilinxP4toPX,
    author = "Gordon Brebner",
    title = "P4 for an FPGA",
    day = "4",
    month = "June",
    year = "2015",
    URL = "http://schd.ws/hosted_files/p4workshop2015/33/GordonB-P4-Workshop-June-04-2015.pdf",
    online = "yes"
}

@misc{p4languagespec,
  author =       "{The P4 Language Consortium}",
  title =        "The P4 Language Specification",
  day =          "3",
  month =        "March",
  year =         "2015",
  URL =          "http://p4.org/wp-content/uploads/2015/04/p4-latest.pdf",
  online =       "yes",
  status =       "STANDARD"
}

@inproceedings{PusBenacekSDMUpdate,
	author    = {Viktor Pu{\v{s}} and Pavel Ben{\'{a}}{\v{c}}ek},
	title     = {Application specific processor with high level synthesized instructions},
	booktitle = {The 2014 {ACM/SIGDA} International Symposium on Field-Programmable
			   Gate Arrays, {FPGA} '14, Monterey, CA, {USA} - February 26 - 28, 2014},
	year      = {2014},
	pages     = {246}
  }

@INPROCEEDINGS{KekelyPusKorenekSDM, 
	author={Luk{\'{a}}{\v{s}} Kekely and Viktor Pu{\v{s}} and Jan Ko{\v{r}}enek}, 
	booktitle={INFOCOM, 2014 Proceedings IEEE}, 
	title={Software Defined Monitoring of application protocols}, 
	year={2014}, 
	month={April}, 
	pages={1725-1733}, 
}

@inproceedings{GorillaFPGA2012,
	Acmid = {2145709},
	Address = {New York, NY, USA},
	Author = {Lavasani, Maysam and Dennison, Larry and Chiou, Derek},
	Booktitle = {Proceedings of the ACM/SIGDA international symposium on Field Programmable Gate Arrays},
	Isbn = {978-1-4503-1155-7},
	Keywords = {fpga, network processor, templates},
	Location = {Monterey, California, USA},
	Numpages = {10},
	Pages = {87--96},
	Publisher = {ACM},
	Series = {FPGA '12},
	Title = {Compiling high throughput network processors},
	Year = {2012}}

@inproceedings{QueryDrivenMeasurement,
	 author = {Khan, Faisal and Yuan, Lihua and Chuah, Chen-Nee and Ghiasi, Soheil},
	 title = {A Programmable Architecture for Scalable and Real-time Network Traffic Measurements},
	 booktitle = {Proceedings of the 4th ACM/IEEE Symposium on Architectures for Networking and Communications Systems},
	 series = {ANCS '08},
	 year = {2008},
	 isbn = {978-1-60558-346-4},
	 location = {San Jose, California},
	 pages = {109--118},
	 numpages = {10},
	 url = {http://doi.acm.org/10.1145/1477942.1477958},
	 acmid = {1477958},
	 publisher = {ACM},
	 address = {New York, NY, USA},
} 

@PhdThesis{PusPhd,
	title = "{Packet Classification Algorithms}",
 	author = "Viktor Pu\v{s}",
  	school = "FIT BUT",
	year = "2012",
}

@MASTERSTHESIS{KekelyP4,
    title = "{Mapping of Match Tables from P4 Language to FPGA Technology}",
    author = "{Michal Kekely}",
    school = "FIT BUT",
    year = "2016"
}

@PhdThesis{GibbPhd,
	title = "{Reconfigurable Hardware for Software-Defined Networks}",
 	author = "Glenn Gibb",
  	school = "Stanford University",
	year = "2013"
}

@article{ClasBalaAgar2013,
	author = {Balasaheb S. Agarkar and Uday V. Kulkarni},
	title = {A Novel Technique for Fast Parallel Packet Classification},
	journal = {International Journal of Computer Applications},
	year = {2013},
	volume = {76},
	number = {4},
	pages = {18-25},
	month = {August}
}

@INPROCEEDING{PusKekelyHfem2, 
	author={Pu\v{s}, Viktor and Kekely, Luk\'{a}\v{s} and Ko\v{r}enek, Jan}, 
	booktitle={Design and Diagnostics of Electronic Circuits Systems, 17th International Symposium on}, 
	title={Design methodology of configurable high performance packet parser for {FPGA}}, 
	year={2014}, 
	month={April}, 
	pages={189-194}, 
	keywords={FPGA;Latency;Packet Parsing}
}

@INPROCEEDINGS{AttigBrebner, 
	author={Attig, M. and Brebner, G.}, 
	booktitle={Architectures for Networking and Communications Systems (ANCS), 2011 Seventh ACM/IEEE Symposium on}, 
	title={400 {Gb/s} Programmable Packet Parsing on a Single {FPGA}}, 
	year={2011}, 
	month={Oct}, 
	pages={12-23}, 
	keywords={field programmable gate arrays;high level languages;program compilers;PP high-level language;Xilinx Virtex-7 FPGA device;field programmable gate array;high-level programmability;packet classification function;packet security function;programmable packet parsing;Computer architecture;Field programmable gate arrays;Pipeline processing;Pipelines;Program processors;Protocols;Throughput;Domain-specific languages and compilers;FPGA-based parallel processing;High-speed packet processing}
}

@INPROCEEDINGS{Kobiersky,
	author={Kobiersky, P. and Ko\v{r}enek, J. and Pol\v{c}\'{a}k, L.}, 
	booktitle={Design and Diagnostics of Electronic Circuits Systems, 2009. DDECS '09. 12th International Symposium on}, 
	title={Packet header analysis and field extraction for multigigabit networks}, 
	year={2009}, 
	month={April}, 
	pages={96-101}, 
	keywords={XML;field programmable gate arrays;packet radio networks;protocols;automatic HDL code generator;header field extraction;high speed FPGA;multigigabit networks;network speed;packet header analysis;standard XML protocol scheme;Costs;Data mining;Engines;Field programmable gate arrays;Hardware design languages;Information technology;Intrusion detection;Performance analysis;Protocols;Throughput}, 
}

@INPROCEEDINGS{DedekHLS, 
	author={Dedek, T. and Mart\'{i}nek, T. and Marek, T.}, 
	booktitle={Field Programmable Logic and Applications, 2007. FPL 2007. International Conference on}, 
	title={High Level Abstraction Language as an Alternative to Embedded Processors for Internet Packet Processing in {FPGA}}, 
	year={2007}, 
	month={Aug}, 
	pages={648-651}, 
	keywords={Internet;embedded systems;field programmable gate arrays;hardware-software codesign;high level languages;reduced instruction set computing;FPGA;Handel-C design;Internet packet processing;RISC processor;embedded processor;field programmable gate array;high level abstraction language;synthesisable high-level abstraction language;Data mining;Data structures;Design methodology;Field programmable gate arrays;Filtering;Frequency;Internet;Protocols;Reduced instruction set computing;Throughput}
}

@ARTICLE{Braun02protocolwrappers,
    author = {Florian Braun and John Lockwood and Marcel Waldvogel},
    title = {Protocol Wrappers for Layered Network Packet Processing in Reconfigurable Hardware},
    journal = {IEEE Micro},
    year = {2002},
    volume = {22},
    pages = {66--74}
}

@manual{RFCIP6,
  abstract = {This document specifies version 6 of the Internet Protocol (IPv6),
   also sometimes referred to as IP Next Generation or IPng.},
  added-at = {2009-03-12T15:42:50.000+0100},
  author = {Deering, S. and Hinden, R.},
  biburl = {http://www.bibsonomy.org/bibtex/29b48a9c93836d79535af6e187e79eb9d/lillejul},
  citeulike-article-id = {2444787},
  interhash = {88e534a0c78684e3208125e147b56621},
  intrahash = {9b48a9c93836d79535af6e187e79eb9d},
  keywords = {internet protocol rfc},
  month = {December},
  organization = {Internet Engineering Task Force},
  posted-at = {2008-02-28 18:40:44},
  priority = {0},
  timestamp = {2009-03-12T15:42:50.000+0100},
  title = {RFC 2460 Internet Protocol, Version 6 (IPv6) Specification},
  url = {http://tools.ietf.org/html/rfc2460},
  year = 1998
}

@Misc{RFCTRANS,
  author =       "J. Postel",
  title =        "{RFC 793}: Transmission Control Protocol",
  day =          "1",
  month =        "September",
  year =         "1981",
  bibdate =      "Fri Jan 22 16:42:19 1999",
  bibsource =    "http://www.math.utah.edu/pub/tex/bib/rfc.bib",
  URL =          "http://www.ietf.org/rfc/rfc793.txt",
  acknowledgement = ack-nhfb,
  format =       "TXT=177957 bytes",
  online =       "yes",
  status =       "STANDARD",
}

@Misc{RFCIP,
  author =       "J. Postel",
  title =        "{RFC 791}: {Internet Protocol}",
  day =          "1",
  month =        "September",
  year =         "1981",
  bibdate =      "Fri Jan 22 16:41:10 1999",
  bibsource =    "http://www.math.utah.edu/pub/tex/bib/rfc.bib",
  URL =          "http://www.ietf.org/rfc/rfc791.txt",
  acknowledgement = ack-nhfb,
  format =       "TXT=97779 bytes",
  online =       "yes",
  status =       "STANDARD",
}

@book{ieee2003vlan,
  title={IEEE Standards for Local and Metropolitan Area Networks: Virtual Bridged Local Area Networks},
  author={{IEEE Computer Society}},
  isbn={9780738136622},
  series={IEEE Standard},
  year={2003},
  publisher={IEEE}
}

@Misc{RFCVXLAN,
  author =       "{M. Mahalingam et al.}",
  title =        "{RFC 7348}: {Virtual eXtensible Local Area Network (VXLAN): A Framework 
  for Overlaying Virtualized Layer 2 Networks over Layer 3 Networks}",
  day =          "1",
  month =        "August",
  year =         "2014",
  bibdate =      "Fri Jan 22 16:41:10 1999",
  URL =          "http://www.ietf.org/rfc/rfc7348.txt",
  online =       "yes",
  status =       "STANDARD"
}

@misc{nic,
	Author = {Liberouter},
	Title = {NetCOPE},
	Url = {https://www.liberouter.org/technologies/netcope/},
	Year = {2014}}

@misc{hanic,
	Author = {Liberouter},
	Title = {HANIC},
	Url = {https://www.liberouter.org/technologies/hanic/},
	Year = {2014}}

@misc{netfpga,
	Author = {NetFPGA},
	Title = "NetFPGA-10G Information",
	Url = {http://netfpga.org/10G_specs.html},
	Year = {2014}}

@misc{dries2010data,
  title={Data merge unit, a method of producing an interleaved data stream, a network analyser and a method of analysing a network},
  author={Dries, W.M. and Rickard, K.E.},
  url={http://www.google.com/patents/US7711006},
  year={2010},
  month="May",
  publisher={Google Patents},
  note={US Patent 7,711,006}
} 

@INPROCEEDING{hfem2,
 author =  {Pu\v{s}, Viktor and Kekely, Luk\'{a}\v{s} and Ko\v{r}enek, Jan},
 title = {Low-latency Modular Packet Header Parser for FPGA},
 booktitle = {Proceedings of the Eighth ACM/IEEE Symposium on Architectures for Networking and Communications Systems},
 series = {ANCS '12},
 year = {2012},
 isbn = {978-1-4503-1685-9},
 location = {Austin, Texas, USA},
 pages = {77--78},
 numpages = {2},
 url = {http://doi.acm.org/10.1145/2396556.2396571},
 doi = {10.1145/2396556.2396571},
 acmid = {2396571},
 publisher = {ACM},
 address = {New York, NY, USA},
 keywords = {FPGA, latency, packet parsing},
}

@misc{p4hlir,
 author = {{P4 Language Consortium}},
 title = {{P4-HLIR}},
 url = {{https://github.com/p4lang/p4-hlir}},
}

@misc{fpga-block-ram,
    author = {Xilinx},
    title = {7 Series FPGAs Memory Resources},
    url = {http://www.xilinx.com/support/documentation/user_guides/ug473_7Series_Memory_Resources.pdf},
    year = "2014",
    month = "November"
}

@misc{fpga-dsp,
    author = {Xilinx},
    title = {7 Series DSP48E1 Slice},
    url = {http://www.xilinx.com/support/documentation/user_guides/ug479_7Series_DSP48E1.pdf},
    year = "2014",
    month = "November"
}

@misc{fpga-dcm,
    author = {Xilinx},
    title = {7 Series FPGAs Clocking Resources},
    url = {http://www.xilinx.com/support/documentation/user_guides/ug472_7Series_Clocking.pdf},
    year = "2015",
    month = "June"
}

@misc{fpga-processor,
    author = {Xilinx},
    title = {Zynq-7000 All Programmable SoC Overview},
    url = {http://www.xilinx.com/support/documentation/data_sheets/ds190-Zynq-7000-Overview.pdf},
    year = "2016",
    month = "September",
    day = "27"
}

@misc{fpga-gtx-gth,
    author = {Xilinx},
    title = {7 Series FPGAs GTX/GTH Transceivers},
    url = {http://www.xilinx.com/support/documentation/user_guides/ug476_7Series_Transceivers.pdf},
    year = "2015",
    month = "August"
}

@misc{fpga-rocketio,
    author = {Xilinx},
    title = {RocketIO X Transceiver User Guide},
    url = {http://www.xilinx.com/support/documentation/user_guides/ug035.pdf},
    year = "2007",
    month = "February"
}

@misc{combo-100g,
    author = {Liberouter},
    title = {COMBO-100G},
    url = {https://www.liberouter.org/combo-100g/},
    year = {2016},
    month = "June"
}  

@inproceedings{SantiagodelRioWireSpeedCommodityHw,
 author = {Santiago del Rio, Pedro M. and Rossi, Dario and Gringoli, Francesco and Nava, Lorenzo and Salgarelli, Luca and Aracil, Javier},
 title = {Wire-speed Statistical Classification of Network Traffic on Commodity Hardware},
 booktitle = {Proceedings of the 2012 ACM Conference on Internet Measurement Conference},
 series = {IMC '12},
 year = {2012},
 isbn = {978-1-4503-1705-4},
 location = {Boston, Massachusetts, USA},
 pages = {65--72},
 numpages = {8},
 url = {http://doi.acm.org/10.1145/2398776.2398784},
 doi = {10.1145/2398776.2398784},
 acmid = {2398784},
 publisher = {ACM},
 address = {New York, NY, USA},
 keywords = {commodity hardware, statistical identification, traffic monitoring},
} 

@inproceedings{MarianNetSlicesUserDefinedProcess,
 author = {Marian, Tudor and Lee, Ki Suh and Weatherspoon, Hakim},
 title = {NetSlices: Scalable Multi-core Packet Processing in User-space},
 booktitle = {Proceedings of the Eighth ACM/IEEE Symposium on Architectures for Networking and Communications Systems},
 series = {ANCS '12},
 year = {2012},
 isbn = {978-1-4503-1685-9},
 location = {Austin, Texas, USA},
 pages = {27--38},
 numpages = {12},
 url = {http://doi.acm.org/10.1145/2396556.2396563},
 doi = {10.1145/2396556.2396563},
 acmid = {2396563},
 publisher = {ACM},
 address = {New York, NY, USA},
 keywords = {operating systems support, software packet processors, software router performance, software routers},
} 

@misc{p4cbeavioral,
 author = {{P4 Language Consortium}},
 title = {{P4C-BEHAVIORAL}},
 url = {{https://github.com/p4lang/p4c-behavioral}},
}

@article{kohler2000click,
  title={The Click modular router},
  author={Kohler, Eddie and Morris, Robert and Chen, Benjie and Jannotti, John and Kaashoek, M Frans},
  journal={ACM Transactions on Computer Systems (TOCS)},
  volume={18},
  number={3},
  pages={263--297},
  year={2000},
  publisher={ACM}
}

@book{giladi2008network,
  title={Network Processors: Architecture, Programming, and Implementation},
  author={Giladi, R.},
  isbn={9780080919591},
  series={Systems on Silicon},
  year={2008},
  publisher={Elsevier Science}
}

@misc{netronome-npu,
    author = {Netronome},
    title = {Agilio CX Inteligent Sever Adapters},
    url = {https://www.netronome.com/products/intelligent-server-adapters/agilio-cx/},
    year = {2016},
    month = "June"
}

@misc{rfc793-TCP,
  author="J. Postel",
  title="{Transmission Control Protocol}",
  series="Request for Comments",
  number="793",
  howpublished="RFC 793 (INTERNET STANDARD)",
  publisher="IETF",
  organization="Internet Engineering Task Force",
  year=1981,
  month=sep,
    note="Updated by RFCs 1122, 3168, 6093, 6528",
  url="http://www.ietf.org/rfc/rfc793.txt",
}

@INPROCEEDINGS{YaxuanFongClassification100andBeyond, 
author={Y. Qi and J. Fong and W. Jiang and B. Xu and J. Li and V. Prasanna}, 
booktitle={Field-Programmable Technology (FPT), 2010 International Conference on}, 
title={Multi-dimensional packet classification on FPGA: 100 Gbps and beyond}, 
year={2010}, 
pages={241-248}, 
doi={10.1109/FPT.2010.5681492}, 
month={Dec}}

@INPROCEEDINGS{FongWangParasplitTerabitClassification, 
author={J. Fong and X. Wang and Y. Qi and J. Li and W. Jiang}, 
booktitle={2012 IEEE 20th Annual Symposium on High-Performance Interconnects}, 
title={ParaSplit: A Scalable Architecture on FPGA for Terabit Packet Classification}, 
year={2012}, 
pages={1-8}, 
doi={10.1109/HOTI.2012.17}, 
ISSN={1550-4794}, 
month={Aug}}

@INPROCEEDINGS{YaxuanHyperSplit, 
author={Y. Qi and L. Xu and B. Yang and Y. Xue and J. Li}, 
booktitle={INFOCOM 2009, IEEE}, 
title={Packet Classification Algorithms: From Theory to Practice}, 
year={2009}, 
pages={648-656}, 
ISSN={0743-166X}, 
month={April}}

@INPROCEEDINGS{TaylorDFCL, 
author={D. E. Taylor and J. S. Turner}, 
booktitle={Proceedings IEEE 24th Annual Joint Conference of the IEEE Computer and Communications Societies.}, 
title={Scalable packet classification using distributed crossproducing of field labels}, 
year={2005}, 
volume={1}, 
pages={269-280 vol. 1},  
ISSN={0743-166X}, 
month={March},}

@ARTICLE{KekelyPusKorenekSdmIeeeTransactionComputerNetworks, 
author={L. Kekely and J. Ku\v{c}era and V. Pu\v{s} and J. Ko\v{r}enek and A. V. Vasilakos},
journal={IEEE Transactions on Computers}, 
title={Software Defined Monitoring of Application Protocols}, 
year={2016}, 
volume={65}, 
number={2}, 
pages={615-626}, 
doi={10.1109/TC.2015.2423668}, 
ISSN={0018-9340}, 
month={Feb}}

@TECHREPORT{Moore05discriminatorsfor,
author = {Andrew W. Moore and Denis Zuev and Michael L. Crogan},
title = {Discriminators for use in flow-based classification},
institution = {},
year = {2005}

}

@incollection{Piskac2011DynamicsOfNetworkServices,
year={2011},
isbn={978-3-642-21483-7},
booktitle={Managing the Dynamics of Networks and Services},
volume={6734},
series={Lecture Notes in Computer Science},
editor={Chrisment, Isabelle and Couch, Alva and Badonnel, Rémi and Waldburger, Martin},
doi={10.1007/978-3-642-21484-4_21},
title={Using of Time Characteristics in Data Flow for Traffic Classification},
url={http://dx.doi.org/10.1007/978-3-642-21484-4_21},
publisher={Springer Berlin Heidelberg},
keywords={protocol detection; time characteristics; flow; IPFIX; pattern},
author={Piska{\v{c}}, Pavel and Novotn{\'{y}}, Jiri},
pages={173-176}
}

@ARTICLE{CPDTartakovsky, 
author={Tartakovsky, A.G. and Polunchenko, A.S. and Sokolov, G.}, 
journal={Selected Topics in Signal Processing}, 
title={Efficient Computer Network Anomaly Detection by Changepoint Detection Methods}, 
year={2013}, 
volume={7}, 
number={1}, 
pages={4-11}, 
ISSN={1932-4553}
}

@INCOLLECTION{BlazekCpd,
author = {Rudolf B. Blazek and H. Kim and B. Rozovskii and A. Tartakovsky},
title = {A novel approach to detection of “denial–of–service” attacks via adaptive sequential and batch–sequential change–point detection methods},
year = {2001},
booktitle={Proc. 2nd IEEE Workshop on Systems, Man, and Cybernetics}
}

@inproceedings{DharmapurikarMSCA,
    author = {Dharmapurikar, Sarang and Song, Haoyu and Turner, Jonathan and Lockwood, John},
    title = {Fast Packet Classification Using Bloom Filters},
    booktitle = {Proceedings of the 2006 ACM/IEEE Symposium on Architecture for Networking and Communications Systems},
    series = {ANCS '06},
    year = {2006},
    isbn = {1-59593-580-0},
    location = {San Jose, California, USA},
    pages = {61--70},
    numpages = {10},
    url = {http://doi.acm.org/10.1145/1185347.1185356},
    doi = {10.1145/1185347.1185356},
    acmid = {1185356},
    publisher = {ACM},
    address = {New York, NY, USA},
    keywords = {TCAM, packet classification},
}

@article{SrinivasanGridOfTries,
    author = {Srinivasan, V. and Varghese, G. and Suri, S. and Waldvogel, M.},
    title = {Fast and Scalable Layer Four Switching},
    journal = {SIGCOMM Comput. Commun. Rev.},
    issue_date = {Oct. 1998},
    volume = {28},
    number = {4},
    month = oct,
    year = {1998},
    issn = {0146-4833},
    pages = {191--202},
    numpages = {12},
    url = {http://doi.acm.org/10.1145/285243.285282},
    doi = {10.1145/285243.285282},
    acmid = {285282},
    publisher = {ACM},
    address = {New York, NY, USA},
   }  
   
@article{EathertonUnibitTrie,
   author = {Eatherton, Will and Varghese, George and Dittia, Zubin},
   title = {Tree Bitmap: Hardware/Software IP Lookups with Incremental Updates},
   journal = {SIGCOMM Comput. Commun. Rev.},
   issue_date = {April 2004},
   volume = {34},
   number = {2},
   month = apr,
   year = {2004},
   issn = {0146-4833},
   pages = {97--122},
   numpages = {26},
   url = {http://doi.acm.org/10.1145/997150.997160},
   doi = {10.1145/997150.997160},
   acmid = {997160},
   publisher = {ACM},
   address = {New York, NY, USA},
} 
    
@INPROCEEDINGS{BenacekMerger, 
author={Pavel Ben\'{a}\v{c}ek and Hana Kub\'{a}tov\'{a} and Viktor Pu\v{s}}, 
booktitle={17th Euromicro Conference on Digital System Design (DSD)}, 
title={Architecture of Effective High-Speed Network Stream Merger}, 
year={2014}, 
pages={459-464}, 
address={Verona, Italy},
doi={10.1109/DSD.2014.25}, 
month={Aug}}

@misc{openflow,
    author = {{Open Networking Foundation}},
    title = {{OpenFlow}},
    url = {https://www.opennetworking.org/sdn-resources/openflow}
}

@misc{RyuController,
    author = {{Ryu SDN Framework Community}},
    title = {{Component-Based Software Defined Networking Framework}},
    url = {https://osrg.github.io/ryu/}  
}

@misc{OpenFlowSpec,
    author = {{Open Networking Foundation}},
    title = {{OpenFlow Switch Specification version 1.5.1 (Protocol version 0x06)}},
    url = {https://www.opennetworking.org/images/stories/downloads/sdn-resources/onf-specifications/openflow/openflow-switch-v1.5.1.pdf}   
}

@misc{SDNSpec,
     author = {{Open Networking Foundation}},
     title = {{Software-Defined Networking (SDN) Definition}},
     url = {https://www.opennetworking.org/sdn-resources/sdn-definition}
}

@article{BianchiOpenState,
    title={OpenState: programming platform-independent stateful openflow applications inside the switch},
    author={Bianchi, Giuseppe and Bonola, Marco and Capone, Antonio and Cascone, Carmelo},
    journal={ACM SIGCOMM Computer Communication Review},
    volume={44},
    number={2},
    pages={44--51},
    year={2014}
}

@misc{OpenStateSpec,
    author = {{OpenState SDN Project}},
    title = {{OpenState Specification Version 1.0 (beta)}},
    url = {https://github.com/OpenState-SDN/openstate-spec/releases}    
}

@misc{OpenStateGithub,
    author = {{OpenState SDN Project}},
    title = {{OpenState SDN}},
    url = {http://openstate-sdn.org/}
}

@misc{FacebookSixPack,
    author={{Facebook}},
    title={{Introducing "6-pack": the first open hardware modular switch}},
    url={https://code.facebook.com/posts/717010588413497/introducing-6-pack-the-first-open-hardware-modular-switch/}
}

@misc{FacebookWedge,
    author={{Facebook}},
    title={{Open networking advances with Wedge and FBOSS}},
    url={https://code.facebook.com/posts/145488969140934/open-networking-advances-with-wedge-and-fboss/}   
}

@INPROCEEDINGS{BianchiWirelessMacProcessor, 
    author={I. Tinnirello and G. Bianchi and P. Gallo and D. Garlisi and F. Giuliano and F. Gringoli}, 
    booktitle={INFOCOM, 2012 Proceedings IEEE}, 
    title={Wireless MAC processors: Programming MAC protocols on commodity Hardware}, 
    year={2012}, 
    pages={1269-1277}, 
    doi={10.1109/INFCOM.2012.6195488}, 
    ISSN={0743-166X}, 
    month={March}
}

@inproceedings{BianchiMaclets,
    author = {Bianchi, Giuseppe and Gallo, Pierluigi and Garlisi, Domenico and Giuliano, Fabrizio and Gringoli, Francesco and Tinnirello, Ilenia},
    title = {MAClets: Active MAC Protocols over Hard-coded Devices},
    booktitle = {Proceedings of the 8th International Conference on Emerging Networking Experiments and Technologies},
    series = {CoNEXT '12},
    year = {2012},
    isbn = {978-1-4503-1775-7},
    location = {Nice, France},
    pages = {229--240},
    numpages = {12},
    url = {http://doi.acm.org/10.1145/2413176.2413203},
    doi = {10.1145/2413176.2413203},
    acmid = {2413203},
    publisher = {ACM},
    address = {New York, NY, USA},
    keywords = {network virtualization, programmable mac, wireless local area networks},
} 

@book{MeinersClasssificationBook,
    author = {Meiners, Chad R. and Liu, Alex X. and Torng, Eric},
    title = {Hardware Based Packet Classification for High Speed Internet Routers},
    year = {2010},
    isbn = {1441966994, 9781441966995},
    edition = {1st},
    publisher = {Springer Publishing Company, Incorporated},
} 

@INPROCEEDINGS{And99HiCuts,
    author = {Pankaj Gupta and Nick Mckeown},
    title = {Packet Classification using Hierarchical Intelligent Cuttings},
    booktitle = {Hot Interconnects VII},
    year = {1999},
    pages = {34--41}
}

@inproceedings{SingHyperCuts,
    author = {Singh, Sumeet and Baboescu, Florin and Varghese, George and Wang, Jia},
    title = {Packet Classification Using Multidimensional Cutting},
    booktitle = {Proceedings of the 2003 Conference on Applications, Technologies, Architectures, and Protocols for Computer Communications},
    series = {SIGCOMM '03},
    year = {2003},
    isbn = {1-58113-735-4},
    location = {Karlsruhe, Germany},
    pages = {213--224},
    numpages = {12},
    url = {http://doi.acm.org/10.1145/863955.863980},
    doi = {10.1145/863955.863980},
    acmid = {863980},
    publisher = {ACM},
    address = {New York, NY, USA},
    keywords = {QoS, firewalls, packet classification},
} 
